<record><leader>00000cas a22000007a 4500</leader><controlfield tag="001">10958768</controlfield><controlfield tag="008">840717c18679999iauwr ne      0    0eng d</controlfield><datafield ind1=" " ind2=" " tag="010"><subfield code="a">sn 84027239 </subfield></datafield><datafield ind1=" " ind2=" " tag="040"><subfield code="a">NPU</subfield><subfield code="b">eng</subfield><subfield code="c">NPU</subfield><subfield code="d">NPX</subfield><subfield code="d">PPM</subfield><subfield code="d">INP</subfield><subfield code="d">NYS</subfield><subfield code="d">OCLCQ</subfield></datafield><datafield ind1=" " ind2=" " tag="042"><subfield code="a">msc</subfield></datafield><datafield ind1="0" ind2=" " tag="130"><subfield code="a">North Iowa times (McGregor, Iowa : 1867)</subfield></datafield><datafield ind1="1" ind2="0" tag="245"><subfield code="a">North Iowa times.</subfield></datafield><datafield ind1=" " ind2=" " tag="260"><subfield code="a">McGregor, Iowa :</subfield><subfield code="b">J.H. Andrick and A.P. Richardson,</subfield><subfield code="c">1867-</subfield></datafield><datafield ind1=" " ind2=" " tag="300"><subfield code="a">v. :</subfield><subfield code="b">ill.</subfield></datafield><datafield ind1=" " ind2=" " tag="310"><subfield code="a">Weekly</subfield></datafield><datafield ind1="0" ind2=" " tag="362"><subfield code="a">Vol. 11, no. 24 (Feb. 27, 1867)-</subfield></datafield><datafield ind1=" " ind2=" " tag="500"><subfield code="a">Publisher varies.</subfield></datafield><datafield ind1=" " ind2=" " tag="515"><subfield code="a">Issues for Feb. 27, 1867- called also whole no. 541-</subfield></datafield><datafield ind1=" " ind2=" " tag="752"><subfield code="a">United States</subfield><subfield code="b">Iowa</subfield><subfield code="c">Clayton</subfield><subfield code="d">McGregor.</subfield></datafield><datafield ind1="0" ind2="0" tag="780"><subfield code="t">Weekly north Iowa times</subfield><subfield code="w">(DLC)sn 84027238</subfield></datafield><datafield ind1="0" ind2="5" tag="780"><subfield code="t">McGregor news (McGregor, Iowa : 1871)</subfield><subfield code="w">(DLC)sn 84038304</subfield></datafield></record>